@inproceedings{AnanthanarayananBD13,
 author = {Ananthanarayanan, Rajagopal and Basker, Venkatesh and Das, Sumit and Gupta, Ashish and Jiang, Haifeng and Qiu, Tianhao and Reznichenko, Alexey and Ryabkov, Deomid and Singh, Manpreet and Venkataraman, Shivakumar},
 title = {Photon: Fault-tolerant and Scalable Joining of Continuous Data Streams},
 booktitle = {Proceedings of the 2013 ACM SIGMOD International Conference on Management of Data},
 series = {SIGMOD '13},
 year = {2013},
 isbn = {978-1-4503-2037-5},
 location = {New York, New York, USA},
 pages = {577--588},
 numpages = {12},
 url = {http://doi.acm.org/10.1145/2463676.2465272},
 doi = {10.1145/2463676.2465272},
 acmid = {2465272},
 publisher = {ACM},
 address = {New York, NY, USA},
 keywords = {continuous streams, fault-tolerance, paxos, stream joining},
} 

@inproceedings{akhter2019stateful,
  title={Stateful functions as a service in action},
  author={Akhter, Adil and Fragkoulis, Marios and Katsifodimos, Asterios},
  booktitle={VLDB},
  pages={1890--1893},
  year={2019},
}

@article{StonebrakerCZ05,
 author = {Stonebraker, Michael and \c{C}etintemel, U\v{g}ur and Zdonik, Stan},
 title = {The 8 Requirements of Real-time Stream Processing},
 journal = {SIGMOD Rec.},
 issue_date = {December 2005},
 volume = {34},
 number = {4},
 month = dec,
 year = {2005},
 issn = {0163-5808},
 pages = {42--47},
 numpages = {6},
 url = {http://doi.acm.org/10.1145/1107499.1107504},
 doi = {10.1145/1107499.1107504},
 acmid = {1107504},
 publisher = {ACM},
 address = {New York, NY, USA},
} 

@INPROCEEDINGS{WuT15, 
author={Y. Wu and K. Tan}, 
booktitle={2015 IEEE 31st International Conference on Data Engineering}, 
title={ChronoStream: Elastic stateful stream computation in the cloud}, 
year={2015}, 
volume={}, 
number={}, 
pages={723-734}, 
keywords={cloud computing;concurrency (computers);operating systems (computers);parallel processing;resource allocation;system recovery;ChronoStream;distributed system;elastic stateful stream computation;first-class citizen;flexible elastic support;dynamic resource reclamation;application-level computation parallelism;OS-level execution concurrency;transparent dynamic scaling;failure recovery;network I/O;state-synchronization overhead;Containers;Peer-to-peer computing;Elasticity;Checkpointing;Computational modeling;Runtime;Instruction sets}, 
doi={10.1109/ICDE.2015.7113328}, 
ISSN={1063-6382}, 
month={April},
}

@INPROCEEDINGS{SuZ16, 
author={L. Su and Y. Zhou}, 
booktitle={ICDE}, 
title={Tolerating correlated failures in Massively Parallel Stream Processing Engines}, 
year={2016}, 
pages={517-528}, 
}

@article{ElnozahyAW02,
 author = {Elnozahy, E. N. (Mootaz) and Alvisi, Lorenzo and Wang, Yi-Min and Johnson, David B.},
 title = {A Survey of Rollback-recovery Protocols in Message-passing Systems},
 journal = {ACM Comput. Surv.},
 issue_date = {September 2002},
 volume = {34},
 number = {3},
 month = sep,
 year = {2002},
 issn = {0360-0300},
 pages = {375--408},
 numpages = {34},
 url = {http://doi.acm.org/10.1145/568522.568525},
 doi = {10.1145/568522.568525},
 acmid = {568525},
 publisher = {ACM},
 address = {New York, NY, USA},
 keywords = {message logging, rollback-recovery},
} 

@inproceedings{GuZY09,
 author = {Gu, Yu and Zhang, Zhe and Ye, Fan and Yang, Hao and Kim, Minkyong and Lei, Hui and Liu, Zhen},
 title = {An Empirical Study of High Availability in Stream Processing Systems},
 booktitle = {Proceedings of the 10th ACM/IFIP/USENIX International Conference on Middleware},
 series = {Middleware '09},
 year = {2009},
 location = {Urbanna, Illinois},
 pages = {23:1--23:9},
 articleno = {23},
 numpages = {9},
 url = {http://dl.acm.org/citation.cfm?id=1656980.1657012},
 acmid = {1657012},
 publisher = {Springer-Verlag},
 address = {Berlin, Heidelberg},
 keywords = {high availability, stream processing systems, sweeping checkpointing},
} 

@INPROCEEDINGS{ZhangGY10, 
author={Z. Zhang and Y. Gu and F. Ye and H. Yang and M. Kim and H. Lei and Z. Liu}, 
booktitle={2010 IEEE 30th International Conference on Distributed Computing Systems}, 
title={A Hybrid Approach to High Availability in Stream Processing Systems}, 
year={2010}, 
volume={}, 
number={}, 
pages={138-148}, 
keywords={failure analysis;reliability;system recovery;financial data analysis;disaster response;distributed stream processing systems;machine fail-stop events;transient failure events;permanent failure events;high availability schemes;Availability;Telecommunication traffic;Delay;Distributed computing;Streaming media;Laboratories;Computer science;Data analysis;Testing;Switches;hybrid method;high availability;stream processing systems}, 
doi={10.1109/ICDCS.2010.81}, 
ISSN={1063-6927}, 
month={June},
}

@inproceedings{HwangBR05,
 author = {Hwang, Jeong-Hyon and Balazinska, Magdalena and Rasin, Alexander and Cetintemel, Ugur and Stonebraker, Michael and Zdonik, Stan},
 title = {High-Availability Algorithms for Distributed Stream Processing},
 booktitle = {Proceedings of the 21st International Conference on Data Engineering},
 series = {ICDE '05},
 year = {2005},
 isbn = {0-7695-2285-8},
 pages = {779--790},
 numpages = {12},
 acmid = {1054116},
 publisher = {IEEE Computer Society},
 address = {Washington, DC, USA},
} 

@inproceedings{FernandezMK13,
 author = {Fernandez, Raul Castro and Migliavacca, Matteo and Kalyvianaki, Evangelia and Pietzuch, Peter},
 title = {Integrating Scale out and Fault Tolerance in Stream Processing Using Operator State Management},
 booktitle = {SIGMOD},
 year = {2013},
 isbn = {978-1-4503-2037-5},
 pages = {725--736},
 numpages = {12},
 acmid = {2465282},
} 

@inproceedings{CarboneEF17,
 author = {Carbone, Paris and Ewen, Stephan and F\'{o}ra, Gyula and Haridi, Seif and Richter, Stefan and Tzoumas, Kostas},
 title = {State Management in Apache Flink: Consistent Stateful Distributed Stream Processing},
 booktitle = {VLDB},
 issue_date = {August 2017},
 year = {2017},
 issn = {2150-8097},
 pages = {1718--1729},
 numpages = {12},
 acmid = {3137777},
} 

@inproceedings{BalazinskaBM05,
 author = {Balazinska, Magdalena and Balakrishnan, Hari and Madden, Samuel and Stonebraker, Michael},
 title = {Fault-tolerance in the Borealis Distributed Stream Processing System},
 booktitle = {SIGMOD},
 year = {2005},
 isbn = {1-59593-060-4},
 pages = {13--24},
 numpages = {12},
 acmid = {1066160},
} 

@inproceedings{CherniackBB03,
   author =       "Mitch Cherniack and Hari Balakrishnan and Magdalena Balazinska and Donald Carney and Ugur Cetintemel and Ying Xing and Stan Zdonik",
   title =        "{Scalable Distributed Stream Processing}",
   booktitle =    {CIDR},
   year =         {2003},
   month =        {January},
}

@inproceedings{ShahHB04,
 author = {Shah, Mehul A. and Hellerstein, Joseph M. and Brewer, Eric},
 title = {Highly Available, Fault-tolerant, Parallel Dataflows},
 booktitle = {Proceedings of the 2004 ACM SIGMOD International Conference on Management of Data},
 series = {SIGMOD '04},
 year = {2004},
 isbn = {1-58113-859-8},
 location = {Paris, France},
 pages = {827--838},
 numpages = {12},
 acmid = {1007662},
 publisher = {ACM},
 address = {New York, NY, USA},
} 

@inproceedings{ArmbrustDT18,
 author = {Armbrust, Michael and Das, Tathagata and Torres, Joseph and Yavuz, Burak and Zhu, Shixiong and Xin, Reynold and Ghodsi, Ali and Stoica, Ion and Zaharia, Matei},
 title = {Structured Streaming: A Declarative API for Real-Time Applications in Apache Spark},
 booktitle = {SIGMOD},
 year = {2018},
 isbn = {978-1-4503-4703-7},
 pages = {601--613},
 numpages = {13},
 acmid = {3190664},
 keywords = {apache spark, programming models, stream processing},
} 

@inproceedings{NoghabiPP17,
 author = {Noghabi, Shadi A. and Paramasivam, Kartik and Pan, Yi and Ramesh, Navina and Bringhurst, Jon and Gupta, Indranil and Campbell, Roy H.},
 title = {Samza: Stateful Scalable Stream Processing at LinkedIn},
 booktitle = {VLDB},
 year = {2017},
 issn = {2150-8097},
 pages = {1634--1645},
 numpages = {12},
} 

@inproceedings{KulkarniBF15,
 author = {Kulkarni, Sanjeev and Bhagat, Nikunj and Fu, Maosong and Kedigehalli, Vikas and Kellogg, Christopher and Mittal, Sailesh and Patel, Jignesh M. and Ramasamy, Karthik and Taneja, Siddarth},
 title = {Twitter Heron: Stream Processing at Scale},
 booktitle = {SIGMOD},
 year = {2015},
 isbn = {978-1-4503-2758-9},
 pages = {239--250},
 numpages = {12},
} 

@article{carbone2015apache,
  title={Apache Flink: Stream and batch processing in a single engine},
  author={Carbone, Paris and Katsifodimos, Asterios and Ewen, Stephan and Markl, Volker and Haridi, Seif and Tzoumas, Kostas},
  journal={IEEE Data Eng. Bull.},
  volume={36},
  number={4},
  year={2015},
  publisher={IEEE Computer Society}
}

@inproceedings{cloudburst, author = {Sreekanti, Vikram and Wu, Chenggang and Lin, Xiayue Charles and Schleier-Smith, Johann and Gonzalez, Joseph E. and Hellerstein, Joseph M. and Tumanov, Alexey}, title = {Cloudburst: Stateful Functions-as-a-Service}, year = {2020}, issue_date = {August 2020}, booktitle = {VLDB}, month = jul, pages = {2438â€“2452}, numpages = {15} }

@inproceedings{QianHS13,
 author = {Qian, Zhengping and He, Yong and Su, Chunzhi and Wu, Zhuojie and Zhu, Hongyu and Zhang, Taizhi and Zhou, Lidong and Yu, Yuan and Zhang, Zheng},
 title = {TimeStream: Reliable Stream Computation in the Cloud},
 booktitle = {EuroSys},
 year = {2013},
 isbn = {978-1-4503-1994-2},
 pages = {1--14},
 numpages = {14},
}

@inproceedings{LinHZ16,
 author = {Lin, Wei and Fan, Haochuan and Qian, Zhengping and Xu, Junwei and Yang, Sen and Zhou, Jingren and Zhou, Lidong},
 title = {STREAMSCOPE: Continuous Reliable Distributed Processing of Big Data Streams},
 booktitle = {NSDI},
 year = {2016},
 pages = {439--453},
 numpages = {15},
} 

@inproceedings{NeumeyerRN10,
 author = {Neumeyer, Leonardo and Robbins, Bruce and Nair, Anish and Kesari, Anand},
 title = {S4: Distributed Stream Computing Platform},
 booktitle = {Proceedings of the 2010 IEEE International Conference on Data Mining Workshops},
 series = {ICDMW '10},
 year = {2010},
 isbn = {978-0-7695-4257-7},
 pages = {170--177},
 numpages = {8},
 url = {https://doi.org/10.1109/ICDMW.2010.172},
 doi = {10.1109/ICDMW.2010.172},
 acmid = {1934385},
 publisher = {IEEE Computer Society},
 address = {Washington, DC, USA},
 keywords = {actors programming model, complex event processing, concurrent programming, data processing, distributed programming, map-reduce, middleware, parallel programming, real-time search, software design, stream computing},
} 

@article{IqbalS15,
  title={Big Data Analysis : Apache Storm Perspective},
  author={Muhammad Hussain Iqbal and Tariq Rahim Soomro},
  journal={International Journal of Computer Trends and Technology (IJCTT)},
  year={2015},
  volume={19},
  pages={9-14}
}

@article{CarboneKE15,
  title={Apache Flink TM: Stream and Batch Processing in a Single Engine},
  author={Paris Carbone and Asterios Katsifodimos and Stephan Ewen and Volker Markl and Seif Haridi and Kostas Tzoumas},
  journal={IEEE Data Eng. Bull.},
  year={2015},
  volume={38},
  pages={28-38}
}

@article{TatbulZM15,
  title={Handling Shared, Mutable State in Stream Processing with Correctness Guarantees},
  author={Nesime Tatbul and Stanley B. Zdonik and John Meehan and Cansu Aslantas and Michael Stonebraker and Kristin Tufte and Chris Giossi and Hong Quach},
  journal={IEEE Data Eng. Bull.},
  year={2015},
  volume={38},
  pages={94-104}
}

@article{ChandramouliGB15,
  title={Trill: Engineering a Library for Diverse Analytics},
  author={Badrish Chandramouli and Jonathan Goldstein and Mike Barnett and James F. Terwilliger},
  journal={IEEE Data Eng. Bull.},
  year={2015},
  volume={38},
  pages={51-60}
}

@INPROCEEDINGS{MalviyaWM14, 
author={N. Malviya and A. Weisberg and S. Madden and M. Stonebraker}, 
booktitle={2014 IEEE 30th International Conference on Data Engineering}, 
title={Rethinking main memory OLTP recovery}, 
year={2014}, 
volume={}, 
number={}, 
pages={604-615}, 
keywords={relational databases;transaction processing;ARIES system;VoltDB system;coarse-grained command logging technique;fine-grained record-oriented write-ahead logging;high-throughput transaction processing systems;main memory OLTP recovery;main memory database system;online transaction processing;physiological logging approach;relational database recovery;transaction execution time;transactionally consistent checkpoint;Database systems}, 
doi={10.1109/ICDE.2014.6816685}, 
ISSN={1063-6382}, 
month={March},}

@article{CetintemelDK14,
 author = {Cetintemel, Ugur and Du, Jiang and Kraska, Tim and Madden, Samuel and Maier, David and Meehan, John and Pavlo, Andrew and Stonebraker, Michael and Sutherland, Erik and Tatbul, Nesime and Tufte, Kristin and Wang, Hao and Zdonik, Stanley},
 title = {S-Store: A Streaming NewSQL System for Big Velocity Applications},
 journal = {Proc. VLDB Endow.},
 issue_date = {August 2014},
 volume = {7},
 number = {13},
 month = aug,
 year = {2014},
 issn = {2150-8097},
 pages = {1633--1636},
 numpages = {4},
 url = {http://dx.doi.org/10.14778/2733004.2733048},
 doi = {10.14778/2733004.2733048},
 acmid = {2733048},
 publisher = {VLDB Endowment},
} 

@inproceedings{SilvaZD16,
 author = {Jacques-Silva, Gabriela and Zheng, Fang and Debrunner, Daniel and Wu, Kun-Lung and Dogaru, Victor and Johnson, Eric and Spicer, Michael and Sariy\"{u}ce, Ahmet Erdem},
 title = {Consistent Regions: Guaranteed Tuple Processing in IBM Streams},
 booktitle = {VLDB},
 year = {2016},
 issn = {2150-8097},
 pages = {1341--1352},
} 

@inproceedings{ChandramouliG17,
 author = {Chandramouli, Badrish and Goldstein, Jonathan},
 title = {Shrink: Prescribing Resiliency Solutions for Streaming},
 booktitle = {VLDB},
 issue_date = {January 2017},
 month = jan,
 year = {2017},
 issn = {2150-8097},
 pages = {505--516},
 numpages = {12},
 acmid = {3055544},
} 

@inproceedings{DBLP:conf/hotcloud/ZahariaCFSS10,
	author = "Zaharia, Matei and Chowdhury, Mosharaf and Franklin, Michael J. and Shenker, Scott and Stoica, Ion",
	booktitle = "{HotCloud}",
	editor = "Nahum, Erich M. and Xu, Dongyan",
	publisher = "{USENIX}",
	title = "{Spark: Cluster Computing with Working Sets}",
	year = "2010"
}

@inproceedings{gedik2008spade,
  title={SPADE: the system s declarative stream processing engine},
  author={Gedik, Bugra and Andrade, Henrique and Wu, Kun-Lung and Yu, Philip S and Doo, Myungcheol},
  booktitle={Proceedings of the 2008 ACM SIGMOD},
  pages={1123--1134},
  year={2008},
  organization={ACM}
}

@book{marz2015big,
  title={Big Data: Principles and best practices of scalable realtime data systems},
  author={Marz, Nathan and Warren, James},
  year={2015},
  publisher={Manning Publications Co.}
}

@inproceedings{Zaharia:2013:DSF:2517349.2522737,
 author = {Zaharia, Matei and Das, Tathagata and Li, Haoyuan and Hunter, Timothy and Shenker, Scott and Stoica, Ion},
 title = {Discretized Streams: Fault-tolerant Streaming Computation at Scale},
 booktitle = {Proceedings of the Twenty-Fourth ACM Symposium on Operating Systems Principles},
 series = {SOSP '13},
 year = {2013},
 isbn = {978-1-4503-2388-8},
 location = {Farminton, Pennsylvania},
 pages = {423--438},
 numpages = {16},
 url = {http://doi.acm.org/10.1145/2517349.2522737},
 doi = {10.1145/2517349.2522737},
 acmid = {2522737},
 publisher = {ACM},
 address = {New York, NY, USA},
}

@article{DBLP:journals/cacm/DeanG08,
	author = "Dean et al., Jeffrey",
	bibsource = "dblp computer science bibliography, http://dblp.org",
	journal = "Commun. {ACM}",
	title = "{MapReduce: simplified data processing on large clusters}",
	year = "2008"
}

@article{DBLP:journals/pvldb/BeyerEGBEKOS11,
	author = "Beyer, Kevin S. and Ercegovac, Vuk and Gemulla, Rainer and Balmin, Andrey and Eltabakh, Mohamed Y. and Kanne, Carl{-}Christian and {\"O}zcan, Fatma and Shekita, Eugene J.",
	journal = "{PVLDB}",
	title = "{Jaql: {A} Scripting Language for Large Scale Semistructured Data Analysis}",
	year = "2011"
}

@article{blackBoxes,
  title={{Opening the Black Boxes in Data Flow Optimization}},
  author={Hueske, Fabian and Peters, Mathias and Sax, Matthias J and Rheinl{\"a}nder, Astrid and Bergmann, Rico and Krettek, Aljoscha and Tzoumas, Kostas},
  journal={PVLDB},
  volume={5},
  number={11},
  year={2012},
  publisher={VLDB Endowment}
}

@article{DBLP:journals/pvldb/ChaikenJLRSWZ08,
	author = "Chaiken, Ronnie and Jenkins, Bob and Larson, Per{-}{\AA}ke and Ramsey, Bill and Shakib, Darren and Weaver, Simon and Zhou, Jingren",
	journal = "{PVLDB}",
	title = "{{SCOPE:} easy and efficient parallel processing of massive data sets}",
	year = "2008"
}

@inproceedings{DBLP:conf/cloud/BattreEHKMW10,
	author = "Battr{\'e}, Dominic and Ewen, Stephan and Hueske, Fabian and Kao, Odej and Markl, Volker and Warneke, Daniel",
	booktitle = "{ACM SoCC}",
	title = "{Nephele/PACTs: a programming model and execution framework for web-scale analytical processing}",
	year = "2010"
}

@article{DBLP:journals/pvldb/BuHBE10,
	author = "Bu, Yingyi and Howe, Bill and Balazinska, Magdalena and Ernst, Michael D.",
	journal = "{PVLDB}",
	title = "{HaLoop: Efficient Iterative Data Processing on Large Clusters}",
	year = "2010"
}

@misc{CUSTOM:web/Trident,
	author = "{Apache Storm Trident}",
	title = {Tutorial},
	note = {Available online March 2021},
	year = {2021},
  howpublished={\url{https://storm.apache.org/releases/current/Trident-tutorial.html}}
}

@misc{CUSTOM:web/Cascading,
	title = "{Cascading Project}",
  howpublished={\url{http://www.cascading.org/}}
}

@misc{CUSTOM:web/Apache,
	title = "{Apache Software Foundation}",
  howpublished={\url{http://www.apache.org/}}
}

@misc{CUSTOM:web/Kafka,
	title = "{Apache Kafka project}",
  howpublished={\url{http://kafka.apache.org/}}
}

@misc{CUSTOM:web/Storm,
  author = "{Apache Storm}",
	title = "{Project}",
	note = {Available online March 2021},
	year = {2021},
  howpublished={\url{http://storm.apache.org/}}
}

@misc{CUSTOM:web/Samza,
	title = "{Apache Samza project}",
  howpublished={\url{http://samza.apache.org/}}
}

@misc{CUSTOM:web/Hadoop,
	title = "{Apache Hadoop project}",
  howpublished={\url{https://hadoop.apache.org/}}
}

@misc{CUSTOM:web/Drill,
	title = "{Apache Drill project}",
  howpublished={\url{https://drill.apache.org/}}
}

@misc{CUSTOM:web/Tez,
	title = "{Apache Tez project}",
  howpublished={\url{https://tez.apache.org/}}
}

@misc{CUSTOM:web/Spark,
	title = "{Apache Spark project}",
  howpublished={\url{http://spark.apache.org/}}
}

@misc{CUSTOM:scala/spec,
  title = "Scala Language Reference",
  howpublished={\url{http://www.scala-lang.org/files/archive/spec/2.11/}}
}

@misc{scalding,
  title = "{Scalding Project}",
  howpublished={\url{http://github.com/twitter/scalding}}
}

@misc{scoobi,
title = "{Scoobi Project}",
howpublished={\url{http://github.com/nicta/scoobi}},
}

@misc{streambase2006streambase,
  title={Streambase: Real-time, low latency data processing with a stream processing engine},
  author={StreamBase, I},
  year={2006}
}


@article{DBLP:journals/pvldb/EwenTKM12,
	author = "Ewen, Stephan and Tzoumas, Kostas and Kaufmann, Moritz and Markl, Volker",
	journal = "{PVLDB}",
	title = "{Spinning Fast Iterative Data Flows}",
	year = "2012"
}

@book{Bird1997,
	added-at = "2008-06-13T00:37:05.000+0200",
	author = "Bird, Richard and de Moor, Oege",
	publisher = "Prentice Hall",
	title = "{The Algebra of Programming}",
	year = 1997
}

@inproceedings{DBLP:conf/sigmod/CheungMS14,
	author = "Cheung, Alvin and Madden, Samuel and Solar{-}Lezama, Armando",
	booktitle = "{ACM SIGMOD}",
	editor = "Dyreson, Curtis E. and Li, Feifei and {\"O}zsu, M. Tamer",
	title = "{Sloth: being lazy is a virtue (when issuing database queries)}",
	year = "2014"
}

@article{DBLP:journals/mscs/Wadler92,
  author    = {Philip Wadler},
  title     = {Comprehending Monads},
  journal   = {Mathematical Structures in Computer Science},
  year      = {1992},
}

@article{DBLP:journals/sigmod/BunemanLSTW94,
	author = "Buneman, Peter and Libkin, Leonid and Suciu, Dan and Tannen, Val and Wong, Limsoon",
	journal = "{SIGMOD} Record",
	title = "{Comprehension Syntax}",
	year = "1994"
}

@article{DBLP:journals/tcs/BunemanNTW95,
  author    = {Peter Buneman and
               Shamim A. Naqvi and
               Val Tannen and
               Limsoon Wong},
  title     = {Principles of Programming with Complex Objects and Collection Types},
  journal   = {Theor. Comput. Sci.},
  year      = {1995}
}

@article{DBLP:journals/jiis/GrustS99,
  author    = {Torsten Grust and
               Marc H. Scholl},
  title     = {How to Comprehend Queries Functionally},
  journal   = {J. Intell. Inf. Syst.},
  year      = {1999},
}

@phdthesis{DBLP:books/daglib/0008584,
  author    = {Torsten Grust},
  title     = {Comprehending Queries (PhD Thesis)},
  year      = {1999},
  school    = {Universit{\"{a}}t Konstanz},
}

@article{lambek1968fixpoint,
  title={A fixpoint theorem for complete categories},
  author={Lambek, Joachim},
  journal={Mathematische Zeitschrift},
  year={1968},
  publisher={Springer}
}

@book{ehrig2011fundamentals,
  title={Fundamentals of algebraic specification 1: Equations and initial semantics},
  author={Ehrig, Hartmut and Mahr, Bernd},
  year={2011},
  publisher={Springer Publishing Company, Incorporated}
}

@inproceedings{periscope,
  title={Spotting Code Optimizations in Data-Parallel Pipelines through PeriSCOPE.},
  author={Guo, Zhenyu and Fan, Xuepeng and Chen, Rishan and Zhang, Jiaxing and Zhou, Hucheng and McDirmid, Sean and Liu, Chang and Lin, Wei and Zhou, Jingren and Zhou, Lidong},
  booktitle={OSDI},
  pages={121--133},
  year={2012}
}

@inproceedings{burmako2013scala,
  title={Scala macros: let our powers combine!: on how rich syntax and static types work with metaprogramming},
  author={Burmako, Eugene},
  booktitle={Proceedings of the 4th Workshop on Scala},
  pages={3},
  year={2013},
  organization={ACM}
}

@inproceedings{delite,
  title={A domain-specific approach to heterogeneous parallelism},
  author={Chafi, Hassan and Sujeeth, Arvind K and Brown, Kevin J and Lee, HyoukJoong and Atreya, Anand R and Olukotun, Kunle},
  booktitle={ACM SIGPLAN Notices},
  year={2011}
}

@inproceedings{ferry,
  title={Ferry: Database-supported program execution},
  author={Grust, Torsten and Mayr, Manuel and Rittinger, Jan and Schreiber, Tom},
  booktitle={SIGMOD},
  year={2009},
  organization={ACM}
}

@inproceedings{jet,
  title={Jet: An embedded DSL for high performance big data processing},
  author={Ackermann, Stefan and Jovanovic, Vojin and Rompf, Tiark and Odersky, Martin},
  booktitle={BigData},
  year={2012}
}

@inproceedings{lms,
  title={Lightweight modular staging: a pragmatic approach to runtime code generation and compiled DSLs},
  author={Rompf, Tiark and Odersky, Martin},
  booktitle={Acm Sigplan Notices},
  year={2010},
  organization={ACM}
}

@inproceedings{piglatin,
 author = {Olston, Christopher and Reed, Benjamin and Srivastava, Utkarsh and Kumar, Ravi and Tomkins, Andrew},
 title = {Pig Latin: A Not-so-foreign Language for Data Processing},
 booktitle = {Proceedings of the 2008 ACM SIGMOD},
 series = {ACM SIGMOD},
 year = {2008}
}

@book{DBLP:books/aw/AhoSU86,
  author    = {Alfred V. Aho and
               Ravi Sethi and
               Jeffrey D. Ullman},
  title     = {Compilers: Princiles, Techniques, and Tools},
  year      = {1986},
  publisher = {Addison-Wesley},
} 

@inproceedings{dryadlinq,
  title={DryadLINQ: A System for General-Purpose Distributed Data-Parallel Computing Using a High-Level Language.},
  author={Yu, Yuan and Isard, Michael and Fetterly, Dennis and Budiu, Mihai and Erlingsson, {\'U}lfar and Gunda, Pradeep Kumar and Currey, Jon},
  booktitle={OSDI},
  year={2008}
}

@article{rlanguage,
  title={R: a language for data analysis and graphics},
  author={Ihaka, Ross and Gentleman, Robert},
  journal={Journal of Computational and Graphical Statistics},
  year={1996}
}

@misc{xquery,
  title={XQuery 1.0: An XML query language},
  author={Boag, Scott and Chamberlin, Don and Fern{\'a}ndez, Mary F and Florescu, Daniela and Robie, Jonathan and Sim{\'e}on, J{\'e}r{\^o}me and Stefanescu, Mugur},
  journal={W3C},
  year={2002}
}

@article{hive,
  title={Hive: a warehousing solution over a map-reduce framework},
  author={Thusoo, Ashish and Sarma, Joydeep Sen and Jain, Namit and Shao, Zheng and Chakka, Prasad and Anthony, Suresh and Liu, Hao and Wyckoff, Pete and Murthy, Raghotham},
  journal={VLDB},
  year={2009}
}

@inproceedings{linq,
  title={Linq: reconciling object, relations and xml in the. net framework},
  author={Meijer, Erik and Beckman, Brian and Bierman, Gavin},
  booktitle={ACM SIGMOD},
  year={2006}
}

@inproceedings{groupByChauduri,
  title={Including group-by in query optimization},
  author={Chaudhuri, Surajit and Shim, Kyuseok},
  booktitle={VLDB},
  year={1994}
}

@inproceedings{adtsForLinq,
  title={Algebraic data types for language-integrated queries},
  author={Giorgidze, George and Grust, Torsten and Ulrich, Alexander and Weijers, Jeroen},
  booktitle={Workshop on Data driven functional programming},
  year={2013},
  organization={ACM}
}

@inproceedings{yu2009distributed,
  title={Distributed aggregation for data-parallel computing: interfaces and implementations},
  author={Yu, Yuan and Gunda, Pradeep Kumar and Isard, Michael},
  booktitle={ACM SIGOPS},
  year={2009}
}

@article{graefe1993query,
  title={Query evaluation techniques for large databases},
  author={Graefe, Goetz},
  journal={ACM Computing Surveys},
  year={1993}
}

@article{stratosphere,
  title={The Stratosphere platform for Big Data Analytics},
  author={Alexandrov , Alexander  and Bergmann, Rico  and Ewen, Stephan  and Freytag, Johann-Christoph  and Hueske, Fabian  and Heise, Arvid  and Kao, Odej  and Leich, Marcus  and  Leser, Ulf  and Markl, Volker and Naumann, Felix and Peters, Mathias and Rheinlaender, Astrid  and Sax, Matthias J. and Schelter,Sebastian and  Hoeger, Mareike  and Tzoumas, Kostas and Warneke, Daniel},
  journal={VLDB Journal},
  year={2014}
}

@inproceedings{scopeOptimizer,
  title={Incorporating partitioning and parallel plans into the SCOPE optimizer},
  author={Zhou, Jingren and Larson, P-A and Chaiken, Ronnie},
  booktitle={ICDE},
  year={2010}
}

@INPROCEEDINGS{Meijer91functionalprogramming,
    author = {Erik Meijer and Maarten Fokkinga and Ross Paterson},
    title = {Functional Programming with Bananas, Lenses, Envelopes and Barbed Wire},
    booktitle = {},
    year = {1991},
    pages = {124--144},
    publisher = {Springer-Verlag}
}


@article{kim1982,
  title={On optimizing an SQL-like nested query},
  author={Kim, Won},
  journal={ACM Transactions on Database Systems (TODS)},
  volume={7},
  number={3},
  pages={443--469},
  year={1982},
  publisher={ACM}
}

@article{cha2010measuring,
  title={Measuring User Influence in Twitter: The Million Follower Fallacy.},
  author={Cha, Meeyoung and Haddadi, Hamed and Benevenuto, Fabricio and Gummadi, P Krishna},
  journal={ICWSM},
  year={2010}
}

@inproceedings{DBLP:conf/pldi/MurrayIY11,
  author    = {Derek Gordon Murray and
               Michael Isard and
               Yuan Yu},
  editor    = {Mary W. Hall and
               David A. Padua},
  title     = {Steno: automatic optimization of declarative queries},
  booktitle = {Proceedings of the 32nd {ACM} {SIGPLAN} Conference on Programming
               Language Design and Implementation, {PLDI} 2011, San Jose, CA, USA,
               June 4-8, 2011},
  pages     = {121--131},
  publisher = {{ACM}},
  year      = {2011},
  url       = {http://doi.acm.org/10.1145/1993498.1993513},
  doi       = {10.1145/1993498.1993513},
  timestamp = {Tue, 07 Jun 2011 16:07:38 +0200},
  biburl    = {http://dblp.uni-trier.de/rec/bib/conf/pldi/MurrayIY11},
  bibsource = {dblp computer science bibliography, http://dblp.org}
}

@inproceedings{battre2010nephele,
  title={Nephele/PACTs: a programming model and execution framework for web-scale analytical processing},
  author={Battr{\'e}, Dominic and Ewen, Stephan and Hueske, Fabian and Kao, Odej and Markl, Volker and Warneke, Daniel},
  booktitle={Proceedings of the 1st ACM symposium on Cloud computing},
  pages={119--130},
  year={2010},
  organization={ACM}
}

@article{carbone2015lightweight,
  title={Lightweight Asynchronous Snapshots for Distributed Dataflows},
  author={Carbone, Paris and F{\'o}ra, Gyula and Ewen, Stephan and Haridi, Seif and Tzoumas, Kostas},
  journal={arXiv:1506.08603},
  year={2015}
}

@article{chandy1985distributed,
  title={Distributed snapshots: determining global states of distributed systems},
  author={Chandy, K Mani and Lamport, Leslie},
  journal={ACM Trans. Comp. Sys.},
  volume={3},
  number={1},
  pages={63--75},
  year={1985},
  publisher={ACM}
}

@article{akidau2015dataflow,
  title={The dataflow model: a practical approach to balancing correctness, latency, and cost in massive-scale, unbounded, out-of-order data processing},
  author={Akidau, Tyler and Bradshaw, Robert and Chambers, Craig and Chernyak, Slava and Fern{\'a}ndez-Moctezuma, Rafael J and Lax, Reuven and McVeety, Sam and Mills, Daniel and Perry, Frances and Schmidt, Eric and others},
  journal={Proceedings of the VLDB Endowment},
  volume={8},
  number={12},
  pages={1792--1803},
  year={2015},
  publisher={VLDB Endowment}
}

@inproceedings{isard2007dryad,
  title={Dryad: distributed data-parallel programs from sequential building blocks},
  author={Isard, Michael and Budiu, Mihai and Yu, Yuan and Birrell, Andrew and Fetterly, Dennis},
  booktitle={ACM SIGOPS Operating Systems Review},
  volume={41},
  number={3},
  pages={59--72},
  year={2007},
  organization={ACM}
}

@inproceedings{murray2013naiad,
  title={Naiad: a timely dataflow system},
  author={Murray, Derek G and McSherry, Frank and Isaacs, Rebecca and Isard, Michael and Barham, Paul and Abadi, Mart{\'\i}n},
  booktitle={Proceedings of the Twenty-Fourth ACM Symposium on Operating Systems Principles},
  pages={439--455},
  year={2013},
  organization={ACM}
}

@article{low2012distributed,
  title={Distributed GraphLab: a framework for machine learning and data mining in the cloud},
  author={Low, Yucheng and Bickson, Danny and Gonzalez, Joseph and Guestrin, Carlos and Kyrola, Aapo and Hellerstein, Joseph M},
  journal={Proceedings of the VLDB Endowment},
  volume={5},
  number={8},
  pages={716--727},
  year={2012},
  publisher={VLDB Endowment}
}

@inproceedings{abadi2005design,
  title={The Design of the Borealis Stream Processing Engine.},
  author={Abadi, Daniel J and Ahmad, Yanif and Balazinska, Magdalena and Cetintemel, Ugur and Cherniack, Mitch and Hwang, Jeong-Hyon and Lindner, Wolfgang and Maskey, Anurag and Rasin, Alex and Ryvkina, Esther and others},
  booktitle={CIDR},
  volume={5},
  pages={277--289},
  year={2005}
}

@article{arasu2004stream,
  title={Stream: The stanford data stream management system},
  author={Arasu, Arvind and Babcock, Brian and Babu, Shivnath and Cieslewicz, John and Datar, Mayur and Ito, Keith and Motwani, Rajeev and Srivastava, Utkarsh and Widom, Jennifer},
  journal={Book chapter},
  year={2004},
  publisher={Stanford InfoLab}
}

@article{chandramouli2014trill,
  title={Trill: a high-performance incremental query processor for diverse analytics},
  author={Chandramouli, Badrish and Goldstein, Jonathan and Barnett, Mike and DeLine, Robert and Fisher, Danyel and Platt, John C and Terwilliger, James F and Wernsing, John},
  journal={Proceedings of the VLDB Endowment},
  volume={8},
  number={4},
  pages={401--412},
  year={2014},
  publisher={VLDB Endowment}
}

@inproceedings{akidau2013millwheel,
  title={MillWheel: fault-tolerant stream processing at internet scale},
  author={Akidau, Tyler and Balikov, Alex and Bekiro{\u{g}}lu, Kaya and Chernyak, Slava and Haberman, Josh and Lax, Reuven and McVeety, Sam and Mills, Daniel and Nordstrom, Paul and Whittle, Sam},
  booktitle={VLDB},
  pages={1033--1044},
  year={2013},
}

@article{dewitt1990gamma,
  title={The Gamma database machine project},
  author={DeWitt, David J and Ghandeharizadeh, Shahram and Schneider, Donovan and Bricker, Allan and Hsiao, Hui-I and Rasmussen, Rick and others},
  journal={Knowledge and Data Engineering, IEEE Transactions on},
  volume={2},
  number={1},
  pages={44--62},
  year={1990},
  publisher={IEEE}
}


@inproceedings{kornacker2015impala,
  title={Impala: A modern, open-source SQL engine for Hadoop},
  author={Kornacker, Marcel and Behm, A and Bittorf, V and Bobrovytsky, T and Ching, C and Choi, A and Erickson, J and Grund, M and Hecht, D and Jacobs, M and others},
  booktitle={Proceedings of the Conference on Innovative Data Systems Research (CIDR'15)},
  year={2015}
}

@article{chandrasekaran2003psoup,
  title={PSoup: a system for streaming queries over streaming data},
  author={Chandrasekaran, Sirish and Franklin, Michael J},
  journal={The VLDB Journal},
  volume={12},
  number={2},
  pages={140--156},
  year={2003},
  publisher={Springer}
}

@inproceedings{pattern-matching,
 author = {Dindar, Nihal and G\"{u}\c{c}, Baris and Lau, Patrick and Ozal, Asli and Soner, Merve and Tatbul, Nesime},
 title = {DejaVu: Declarative Pattern Matching over Live and Archived Streams of Events},
 booktitle = {Proceedings of the 2009 ACM SIGMOD},
 series = {SIGMOD '09},
 year = {2009},
 isbn = {978-1-60558-551-2},
 location = {Providence, Rhode Island, USA},
 pages = {1023--1026},
 numpages = {4},
 url = {http://doi.acm.org/10.1145/1559845.1559971},
 doi = {10.1145/1559845.1559971},
 acmid = {1559971},
 publisher = {ACM},
 address = {New York, NY, USA},
 keywords = {complex event processing, data streams, mysql, pattern matching, rfid, second life},
} 

@inproceedings{li2005semantics,
  title={Semantics and evaluation techniques for window aggregates in data streams},
  author={Li, Jin and Maier, David and Tufte, Kristin and Papadimos, Vassilis and Tucker, Peter A},
  booktitle={ACM SIGMOD},
  year={2005}
}

@inproceedings{saha2015apache,
  title={Apache tez: A unifying framework for modeling and building data processing applications},
  author={Saha, Bikas and Shah, Hitesh and Seth, Siddharth and Vijayaraghavan, Gopal and Murthy, Arun and Curino, Carlo},
  booktitle={Proceedings of the 2015 ACM SIGMOD},
  pages={1357--1369},
  year={2015},
  organization={ACM}
}

@article{feigenbaum2005graph,
  title={On graph problems in a semi-streaming model},
  author={Feigenbaum, Joan and Kannan, Sampath and McGregor, Andrew and Suri, Siddharth and Zhang, Jian},
  journal={Theoretical Computer Science},
  volume={348},
  number={2},
  pages={207--216},
  year={2005},
  publisher={Elsevier}
}

@article{chandramouli2009fly,
  title={On-the-fly progress detection in iterative stream queries},
  author={Chandramouli, Badrish and Goldstein, Jonathan and Maier, David},
  journal={Proceedings of the VLDB Endowment},
  volume={2},
  number={1},
  pages={241--252},
  year={2009},
  publisher={VLDB Endowment}
}

@inproceedings{migliavacca2010seep,
  title={SEEP: scalable and elastic event processing},
  author={Migliavacca, Matteo and Eyers, David and Bacon, Jean and Papagiannis, Yiannis and Shand, Brian and Pietzuch, Peter},
  booktitle={Middleware Posters and Demos Track},
  year={2010},
}

@inproceedings{li2008out,
  title={Out-of-order processing: a new architecture for high-performance stream systems},
  author={Li, Jin and Tufte, Kristin and Shkapenyuk, Vladislav and Papadimos, Vassilis and Johnson, Theodore and Maier, David},
  booktitle={VLDB},
  pages={274--288},
  year={2008},
}

@inproceedings{ToshniwalT14,
 author = {Toshniwal, Ankit and Taneja, Siddarth and Shukla, Amit and Ramasamy, Karthik and Patel, Jignesh M. and Kulkarni, Sanjeev and Jackson, Jason and Gade, Krishna and Fu, Maosong and Donham, Jake and Bhagat, Nikunj and Mittal, Sailesh and Ryaboy, Dmitriy},
 title = {Storm@Twitter},
 booktitle = {SIGMOD},
 year = {2014},
 isbn = {978-1-4503-2376-5},
 pages = {147--156},
}

@inproceedings{KwonB08,
author = {Kwon, YongChul and Balazinska, Magdalena and Greenberg, Albert},
title = {Fault-Tolerant Stream Processing Using a Distributed, Replicated File System},
year = {2008}, 
issn = {2150-8097},
booktitle = {VLDB},
pages = {574â€“585},
numpages = {12}
}

@inproceedings{HwangX07,
author = {Hwang, Jeong and Xing, Ying and Cetintemel, Ugur and Zdonik, Stan},
year = {2007},
month = {05},
pages = {176-185},
title = {A Cooperative, Self-Configuring High-Availability Solution for Stream Processing},
booktitle={ICDE},
isbn = {1-4244-0803-2},
}

@inproceedings{HeinzeZ15,
author = {Heinze, Thomas and Zia, Mariam and Krahn, Robert and Jerzak, Zbigniew and Fetzer, Christof},
title = {An Adaptive Replication Scheme for Elastic Data Stream Processing Systems},
year = {2015},
isbn = {9781450332866},
booktitle = {DEBS},
pages = {150â€“161},
numpages = {12},
}
  
@inproceedings{FernandezMK14,
author = {Fernandez, Raul Castro and Migliavacca, Matteo and Kalyvianaki, Evangelia and Pietzuch, Peter},
title = {Making State Explicit for Imperative Big Data Processing},
year = {2014},
isbn = {9781931971102},
booktitle = {USENIX ATC},
pages = {49â€“60},
numpages = {12},
}

@article{LJLD14,
	title={Hotplug or Ballooning: A Comparative Study on Dynamic Memory Management Techniques for Virtual Machines},
	author={Liu, Haikun and Jin, Hai and Liao, Xiaofei and Deng, Wei and He, Bingsheng and Xu, Cheng-zhong},
	journal={IEEE Transactions on Parallel and Distributed Systems},
	volume=26,
	number=5,
	pages={1350--1363},
	year={2014},
	publisher={IEEE}
}

@article{PS12,
	title={Chameleon: Operating System Support for Dynamic Processors},
	author={Panneerselvam, Sankaralingam and Swift, Michael M.},
	journal={ACM SIGARCH Computer Architecture News},
	volume=40,
	number=1,
	pages={99--110},
	year={2012},
	publisher={ACM},
	address={New York, NY, USA}
}


@inproceedings{spanner,
title	= {Spanner: Google's Globally-Distributed Database},
author	= {James C. Corbett and Jeffrey Dean and Michael Epstein and Andrew Fikes and Christopher Frost and JJ Furman and Sanjay Ghemawat and Andrey Gubarev and Christopher Heiser and Peter Hochschild and Wilson Hsieh and Sebastian Kanthak and Eugene Kogan and Hongyi Li and Alexander Lloyd and Sergey Melnik and David Mwaura and David Nagle and Sean Quinlan and Rajesh Rao and Lindsay Rolig and Dale Woodford and Yasushi Saito and Christopher Taylor and Michal Szymaniak and Ruth Wang},
year	= {2012},
booktitle	= {OSDI}
}




@inproceedings{PSK15,
	title={Bolt: Faster Reconfiguration in Operating Systems},
	author={Panneerselvam, Sankaralingam and Swift, Michael and Kim, Nam Sung},
	booktitle={2015 USENIX Annual Technical Conference},
	pages={511--516},
	year={2015}
}

@inproceedings{KKA14,
	author = {Kalia, Anuj and Kaminsky, Michael and Andersen, David G.},
	title = {Using {RDMA} Efficiently for Key-Value Services},
	year = {2014},
	isbn = {9781450328364},
	publisher = {Association for Computing Machinery},
	address = {New York, NY, USA},
	booktitle = {Proceedings of the 2014 ACM Conference on SIGCOMM},
	pages = {295â€“306},
	numpages = {12},
	keywords = {ROCE, infiniband, key-value stores, RDMA},
	location = {Chicago, Illinois, USA},
	series = {SIGCOMM â€™14}
}

@inproceedings{DHKN99,
	title={Cashmere-{VLM}: Remote Memory Paging for Software Distributed Shared Memory},
	author={Dwarkadas, Sandhya and Hardavellas, Nikolaos and Kontothanassis, Leonidas and Nikhil, Rishiyur and Stets, Robert},
	booktitle={Proceedings 13th International Parallel Processing Symposium and 10th Symposium on Parallel and Distributed Processing. IPPS/SPDP 1999},
	pages={153--159},
	year={1999},
	organization={IEEE}
}

@book{Cha85,
	author={G. Chartrand},
	title={Introductory Graph Theory},
	publisher="Dover",
	address="New York",
	Year=1985
}

@article{Mer14,
	title={Docker: Lightweight {L}inux Containers for Consistent Development And Deployment},
	author={Merkel, Dirk},
	journal={Linux Journal},
	volume={2014},
	number={239},
	pages={2},
	year={2014}
}

@article{elnozahy1992manetho,
  title={Manetho: Transparent roll back-recovery with low overhead, limited rollback, and fast output commit},
  author={Elnozahy, Elmootazbellah N and Zwaenepoel, Willy},
  journal={IEEE Transactions on Computers},
  number={5},
  pages={526--531},
  year={1992},
  publisher={IEEE}
}


@article{alvisi1998message,
  title={Message logging: Pessimistic, optimistic, causal, and optimal},
  author={Alvisi, Lorenzo and Marzullo, Keith},
  journal={IEEE Trans. Softw. Eng.},
  volume={24},
  number={2},
  pages={149--159},
  year={1998},
  publisher={IEEE}
}

@inproceedings{AkhterFK19,
author = {Akhter, Adil and Fragkoulis, Marios and Katsifodimos, Asterios},
title = {Stateful Functions as a Service in Action},
year = {2019},
issue_date = {August 2019},
publisher = {VLDB Endowment},
issn = {2150-8097},
url = {https://doi.org/10.14778/3352063.3352092},
doi = {10.14778/3352063.3352092},
booktitle = {VLDB},
month = aug,
pages = {1890â€“1893},
numpages = {4}
}

@article{tucker2003exploiting,                                                  
  title={Exploiting punctuation semantics in continuous data streams},          
  author={Tucker, Peter A. and Maier, David and Sheard, Tim and Fegaras, Leonidas},
  journal={IEEE Transactions on Knowledge and Data Engineering},                
  volume={15},                                                                  
  number={3},                                                                   
  pages={555--568},                                                             
  year={2003},                                                                  
  publisher={IEEE}                                                              
}
  
@misc{fragkoulis2020survey,
    title={A Survey on the Evolution of Stream Processing Systems},
    author={Marios Fragkoulis and Paris Carbone and Vasiliki Kalavri and Asterios Katsifodimos},
    year={2020},
    eprint={2008.00842},
    archivePrefix={arXiv},
    primaryClass={cs.DC}
}

@inproceedings{delmonte2020rhino,
author = {Del Monte, Bonaventura and Zeuch, Steffen and Rabl, Tilmann and Markl, Volker},
title = {Rhino: Efficient Management of Very Large Distributed State for Stream Processing Engines},
year = {2020},
isbn = {9781450367356},
booktitle = {SIGMOD},
pages = {2471â€“2486},
numpages = {16},
}

@article{Elnozahy1994manetho,
        Author = {Elnozahy, Elmootazbellah},
        Title = {Manetho: Fault tolerance in distributed systems using rollback-recovery and process replication},
        Year = {1994},
        journal = {PhD thesis, Rice University}
}

@article{elnozahy2002survey,
author = {Elnozahy, Elmootazbellah N. and Alvisi, Lorenzo and Wang, Yi-Min and Johnson, David B.},
title = {A Survey of Rollback-Recovery Protocols in Message-Passing Systems},
year = {2002},
publisher = {Association for Computing Machinery},
address = {New York, NY, USA},
volume = {34},
number = {3},
issn = {0360-0300},
journal = {ACM Comput. Surv.},
pages = {375â€“408},
numpages = {34},
keywords = {rollback-recovery, message logging}
}

@inproceedings{wang2019lineage,
author = {Wang, Stephanie and Liagouris, John and Nishihara, Robert and Moritz, Philipp and Misra, Ujval and Tumanov, Alexey and Stoica, Ion},
title = {Lineage Stash: Fault Tolerance off the Critical Path},
year = {2019},
booktitle = {SOSP},
pages = {338â€“352},
numpages = {15},
}

@inproceedings{moritz2018ray,
author = {Moritz, Philipp and Nishihara, Robert and Wang, Stephanie and Tumanov, Alexey and Liaw, Richard and Liang, Eric and Elibol, Melih and Yang, Zongheng and Paul, William and Jordan, Michael I. and Stoica, Ion},
title = {Ray: A Distributed Framework for Emerging AI Applications},
year = {2018},
isbn = {9781931971478},
publisher = {USENIX Association},
address = {USA},
booktitle = {Proceedings of the 13th USENIX Conference on Operating Systems Design and Implementation},
pages = {561â€“577},
numpages = {17},
location = {Carlsbad, CA, USA},
series = {OSDI'18}
}

@article{hoffmann2019megaphone,
author = {Hoffmann, Moritz and Lattuada, Andrea and McSherry, Frank and Kalavri, Vasiliki and Liagouris, John and Roscoe, Timothy},
title = {Megaphone: Latency-Conscious State Migration for Distributed Streaming Dataflows},
year = {2019},
issue_date = {May 2019},
publisher = {VLDB Endowment},
volume = {12},
number = {9},
issn = {2150-8097},
journal = {Proc. VLDB Endow.},
month = may,
pages = {1002â€“1015},
numpages = {14}
}

@inproceedings{Katsifodimos2019operational,
  title={Operational Stream Processing: Towards Scalable and Consistent Event-Driven Applications},
  author={Katsifodimos, Asterios and Fragkoulis, Marios},
  booktitle={EDBT},
  year={2019}
}

@inproceedings{Carbone2020beyond,
author = {Carbone, Paris and Fragkoulis, Marios and Kalavri, Vasiliki and Katsifodimos, Asterios},
title = {Beyond Analytics: The Evolution of Stream Processing Systems},
year = {2020},
isbn = {9781450367356},
booktitle = {SIGMOD},
pages = {2651â€“2658}
}

@inproceedings{Shah2004highly,
author = {Shah, Mehul A. and Hellerstein, Joseph M. and Brewer, Eric},
title = {Highly Available, Fault-Tolerant, Parallel Dataflows},
year = {2004},
isbn = {1581138598},
booktitle = {SIGMOD},
pages = {827â€“838},
numpages = {12},
}

@inproceedings{Wang15Building,
author = {Wang, Guozhang and Koshy, Joel and Subramanian, Sriram and Paramasivam, Kartik and Zadeh, Mammad and Narkhede, Neha and Rao, Jun and Kreps, Jay and Stein, Joe},
title = {Building a Replicated Logging System with Apache Kafka},
year = {2015},
booktitle = {VLDB},
pages = {1654â€“1655},
}

@inproceedings{srivastava2004flexible,
author = {Srivastava, Utkarsh and Widom, Jennifer},
title = {Flexible Time Management in Data Stream Systems},
year = {2004},
isbn = {158113858X},
booktitle = {PODS},
pages = {263â€“274},
numpages = {12},
}

@inproceedings{Fernandez2014SDG,
	author = {Fernandez, Raul Castro and Migliavacca, Matteo and Kalyvianaki, Evangelia and Pietzuch, Peter},
	title = {Making State Explicit for Imperative Big Data Processing},
	year = {2014},
	isbn = {9781931971102},
	publisher = {USENIX Association},
	address = {USA},
	booktitle = {Proceedings of the 2014 USENIX Conference on USENIX Annual Technical Conference},
	pages = {49â€“60},
	numpages = {12},
	location = {Philadelphia, PA},
	series = {USENIX ATC'14}
}

@Inproceedings{Hwang2005HAA,
	author={J.-H. {Hwang} and M. {Balazinska} and A. {Rasin} and U. {Cetintemel} and M. {Stonebraker} and S. {Zdonik}},
	booktitle={ICDE},
	title={High-availability algorithms for distributed stream processing},
	year={2005},
	pages={779--790},
}

@techreport{alvisi1996understanding,
  title={Understanding the message logging paradigm for masking process crashes},
  author={Alvisi, Lorenzo},
  year={1996},
  institution={Cornell University}
}

@inproceedings{alvisi1993nonblocking,
  title={Nonblocking and orphan-free message logging protocols},
  author={Alvisi, Lorenzo and Hoppe, Bruce and Marzullo, Keith},
  booktitle={FTCS},
  pages={145--154},
  year={1993},
}

@techreport{tucker2008nexmark,
  title={NEXMarkâ€”A Benchmark for Queries over Data Streams DRAFT},
  author={Tucker, Pete and Tufte, Kristin and Papadimos, Vassilis and Maier, David},
  year={2008},
  institution={OGI School of Science \& Engineering at OHSU}
}

@misc{gencer2021hazelcast,
      title={Hazelcast Jet: Low-latency Stream Processing at the 99.99th Percentile},
      author={Can Gencer and Marko Topolnik and Viliam ÄŽurina and Emin Demirci and Ensar B. Kahveci and Ali GÃ¼rbÃ¼z OndÅ™ej LukÃ¡Å¡ and JÃ³zsef BartÃ³k and Grzegorz Gierlach and FrantiÅ¡ek Hartman and Ufuk YÄ±lmaz and Mehmet DoÄŸan and Mohamed Mandouh and Marios Fragkoulis and Asterios Katsifodimos},
      year={2021},
      eprint={2103.10169},
      archivePrefix={arXiv},
      primaryClass={cs.DC}
}
